@Manual{,
  title = {RCarb: Dose Rate Modelling of Carbonate-Rich Samples},
  author = {Sebastian Kreutzer and Roger P. Nathan and Barbara Mauz},
  year = {2019},
  note = {R package version 0.1.4.9000-1},
  url = {https://r-lum.github.io/RCarb/},
}
