@Manual{,
  title = {RCarb: Dose Rate Modelling of Carbonate-Rich Samples},
  author = {Sebastian Kreutzer and Roger P. Nathan and Barbara Mauz},
  year = {2022},
  note = {R package version 0.1.5},
  url = {https://r-lum.github.io/RCarb/},
}

@Article{,
  title = {'RCarb': Dose Rate Modelling of Carbonate-Rich Samples - an Implementation of Carb in R -},
  author = {Sebastian Kreutzer and Barbara Mauz and Lo√Øc Martin and Norbert Mercier},
  year = {2019},
  journal = {Ancient TL},
  volume = {37},
  number = {2},
  pages = {1-8},
}
