
@InCollection{,
  title = {model_DoseRate(): Model dose rate evolution in carbonate-rich samples},
  volume = {version: 0.2.0},
  author = {Kreutzer S},
  booktitle = {Kreutzer, S., Nathan, R.P., Mauz, B., 2019. RCarb: Dose Rate Modelling of Carbonate-Rich Samples R package version 0.1.3.},
  publisher = {RCarb},
  year = {2019},
  url = {https://github.com/R-Lum/RCarb},
}
@InCollection{,
  title = {write_InputTemplate(): Write table input template},
  volume = {version: 0.1.0},
  author = {Kreutzer S},
  booktitle = {Kreutzer, S., Nathan, R.P., Mauz, B., 2019. RCarb: Dose Rate Modelling of Carbonate-Rich Samples R package version 0.1.3.},
  publisher = {RCarb},
  year = {2019},
  url = {https://github.com/R-Lum/RCarb},
}
