@Manual{,
  title = {RCarb: Dose Rate Modelling of Carbonate-Rich Samples},
  author = {Sebastian Kreutzer and Roger P. Nathan and Barbara Mauz},
  year = {2020},
  note = {R package version 0.1.4},
  url = {https://r-lum.github.io/RCarb/},
}
