@Manual{,
  title = {RCarb: Dose Rate Modelling of Carbonate-Rich Samples},
  author = {Sebastian Kreutzer and Roger P. Nathan and Barbara Mauz},
  year = {2018},
  note = {R package version 0.1.2},
}
